<record><leader>00000cas a22000007a 4500</leader><controlfield tag="001">1758787</controlfield><controlfield tag="008">751101c19099999nduwr ne      0    0eng d</controlfield><controlfield tag="009">501</controlfield><datafield ind1=" " ind2=" " tag="010"><subfield code="a">sn 88076061 </subfield></datafield><datafield ind1=" " ind2=" " tag="040"><subfield code="a">MUL</subfield><subfield code="b">eng</subfield><subfield code="c">MUL</subfield><subfield code="d">NOP</subfield></datafield><datafield ind1="1" ind2=" " tag="029"><subfield code="a">AU@</subfield><subfield code="b">000025835273</subfield></datafield><datafield ind1=" " ind2=" " tag="042"><subfield code="a">msc</subfield></datafield><datafield ind1="0" ind2="0" tag="245"><subfield code="a">Mountrail County promoter.</subfield></datafield><datafield ind1=" " ind2=" " tag="260"><subfield code="a">Stanley, N.D. :</subfield><subfield code="b">Louis W. Pierson,</subfield></datafield><datafield ind1=" " ind2=" " tag="300"><subfield code="a">v. :</subfield><subfield code="b">ill. ;</subfield><subfield code="c">56 cm.</subfield></datafield><datafield ind1=" " ind2=" " tag="310"><subfield code="a">Weekly</subfield></datafield><datafield ind1="0" ind2=" " tag="362"><subfield code="a">Vol. 3, no. 30 (Apr. 16, 1909)-</subfield></datafield><datafield ind1=" " ind2=" " tag="500"><subfield code="a">"Official paper of Stanley and Mountrail County."</subfield></datafield><datafield ind1=" " ind2=" " tag="530"><subfield code="a">Available on microfilm from the State Historical Society of North Dakota.</subfield></datafield><datafield ind1=" " ind2=" " tag="752"><subfield code="a">United States</subfield><subfield code="b">North Dakota</subfield><subfield code="c">Mountrail</subfield><subfield code="d">Stanley.</subfield></datafield><datafield ind1="0" ind2="0" tag="780"><subfield code="t">Ross promoter</subfield><subfield code="w">(DLC)sn 88076200</subfield></datafield><datafield ind1="0" ind2="5" tag="780"><subfield code="t">Stanley sun</subfield><subfield code="w">(DLC)sn 87076036</subfield></datafield><datafield ind1="0" ind2="5" tag="780"><subfield code="t">Powers Lake herald</subfield><subfield code="w">(DLC)sn 88076100</subfield></datafield></record>